@online{cern,
  author = {ADAM-BOURDARIOS, Claire and  GERMAIN, C\'ecile and  GUYON, Isabelle and K\'EGL, Balazs and ROUSSEAU, David},
  title = {{Learning to discover}: the Higgs boson machine learning challenge},
  year = 2014,
  url = {https://higgsml.lal.in2p3.fr/files/2014/04/documentation_v1.8.pdf},
}

@book{Murphy:2012:MLP:2380985,
 author = {Murphy, Kevin P.},
 title = {Machine Learning: A Probabilistic Perspective},
 year = {2012},
 isbn = {0262018020, 9780262018029},
 publisher = {The MIT Press},
}

@BOOK{ml_python,
    title = {Python Machine Learning Second Edition},
    author = {RASCHKA, Sebastian and MIRJALILI, Vahid},
    year = {2017},
    publisher = {Packt Publishing Ltd.}
}

@BOOK{ml_sergios,
  TITLE = {{Machine Learning} A Bayesian and Optimization Perspective},
  AUTHOR = {SERGIOS, Theodoridis},
  YEAR = {2015},
  PUBLISHER = {Jonathan Simpson},
}

@book{epfl_ml_cs,
  author        = {JAGGI, Martin},
  title         = {{Machine Learning CS-433}},
  year          = {2019},
  publisher={EPFL - \'Ecole polytechnique f\'ed\'erale de Lausanne}
}
